<?xml version="1.0" encoding="UTF-8" standalone="yes"?>
<OAI-PMH xsi:schemaLocation="http://www.openarchives.org/OAI/2.0/ http://www.openarchives.org/OAI/2.0/OAI-PMH.xsd" xmlns="http://www.openarchives.org/OAI/2.0/" xmlns:oai_dc="http://www.openarchives.org/OAI/2.0/oai_dc/" xmlns:marc="http://www.loc.gov/MARC21/slim" xmlns:oai-identifier="http://www.openarchives.org/OAI/2.0/oai-identifier" xmlns:dc="http://purl.org/dc/elements/1.1/" xmlns:xsi="http://www.w3.org/2001/XMLSchema-instance">
	<responseDate>2023-12-20T10:52:10Z</responseDate>
	<request verb="ListRecords" metadataPrefix="marc21_withholdings">http://folio.org/oai</request>
	<ListRecords>
		<record>
			<header>
				<identifier>oai:folio.org:diku/087b84b3-fe04-4d41-bfa5-ac0d85980d62</identifier>
				<datestamp>2023-12-20T09:07:57Z</datestamp>
				<setSpec>all</setSpec>
			</header>
			<metadata>
				<marc:record>
					<marc:leader>01338cas a2200409   4500</marc:leader>
					<marc:controlfield tag="001">in00000000005</marc:controlfield>
					<marc:controlfield tag="008">750907c19509999enkqr p       0   a0eng d</marc:controlfield>
					<marc:controlfield tag="005">20231220083003.7</marc:controlfield>
					<marc:datafield tag="010" ind1=" " ind2=" ">
						<marc:subfield code="a">   58020553 </marc:subfield>
					</marc:datafield>
					<marc:datafield tag="022" ind1=" " ind2=" ">
						<marc:subfield code="a">0022-0469</marc:subfield>
					</marc:datafield>
					<marc:datafield tag="035" ind1=" " ind2=" ">
						<marc:subfield code="a">(CStRLIN)NYCX1604275S</marc:subfield>
					</marc:datafield>
					<marc:datafield tag="035" ind1=" " ind2=" ">
						<marc:subfield code="a">(NIC)notisABP6388</marc:subfield>
					</marc:datafield>
					<marc:datafield tag="035" ind1=" " ind2=" ">
						<marc:subfield code="a">366832</marc:subfield>
					</marc:datafield>
					<marc:datafield tag="035" ind1=" " ind2=" ">
						<marc:subfield code="a">(OCoLC)1604275</marc:subfield>
					</marc:datafield>
					<marc:datafield tag="040" ind1=" " ind2=" ">
						<marc:subfield code="d">CtY</marc:subfield>
						<marc:subfield code="d">MBTI</marc:subfield>
						<marc:subfield code="d">CtY</marc:subfield>
						<marc:subfield code="d">MBTI</marc:subfield>
						<marc:subfield code="d">NIC</marc:subfield>
						<marc:subfield code="d">CStRLIN</marc:subfield>
						<marc:subfield code="d">NIC</marc:subfield>
					</marc:datafield>
					<marc:datafield tag="041" ind1="0" ind2=" ">
						<marc:subfield code="a">eng</marc:subfield>
						<marc:subfield code="a">egy</marc:subfield>
					</marc:datafield>
					<marc:datafield tag="041" ind1="0" ind2=" ">
						<marc:subfield code="a">swefre</marc:subfield>
					</marc:datafield>
					<marc:datafield tag="050" ind1="0" ind2=" ">
						<marc:subfield code="a">BR140</marc:subfield>
						<marc:subfield code="b">.J6</marc:subfield>
					</marc:datafield>
					<marc:datafield tag="082" ind1=" " ind2=" ">
						<marc:subfield code="a">270.05</marc:subfield>
					</marc:datafield>
					<marc:datafield tag="222" ind1="0" ind2="4">
						<marc:subfield code="a">The Journal of ecclesiastical history</marc:subfield>
					</marc:datafield>
					<marc:datafield tag="245" ind1="0" ind2="4">
						<marc:subfield code="a">The Journal of ecclesiastical history.</marc:subfield>
					</marc:datafield>
					<marc:datafield tag="260" ind1=" " ind2=" ">
						<marc:subfield code="a">London,</marc:subfield>
						<marc:subfield code="b">Cambridge University Press [etc.]</marc:subfield>
					</marc:datafield>
					<marc:datafield tag="265" ind1=" " ind2=" ">
						<marc:subfield code="a">32 East 57th St., New York, 10022</marc:subfield>
					</marc:datafield>
					<marc:datafield tag="300" ind1=" " ind2=" ">
						<marc:subfield code="a">v.</marc:subfield>
						<marc:subfield code="b">25 cm.</marc:subfield>
					</marc:datafield>
					<marc:datafield tag="310" ind1=" " ind2=" ">
						<marc:subfield code="a">Quarterly,</marc:subfield>
						<marc:subfield code="b">1970-</marc:subfield>
					</marc:datafield>
					<marc:datafield tag="321" ind1=" " ind2=" ">
						<marc:subfield code="a">Semiannual,</marc:subfield>
						<marc:subfield code="b">1950-69</marc:subfield>
					</marc:datafield>
					<marc:datafield tag="362" ind1="0" ind2=" ">
						<marc:subfield code="a">v. 1-   Apr. 1950-</marc:subfield>
					</marc:datafield>
					<marc:datafield tag="570" ind1=" " ind2=" ">
						<marc:subfield code="a">Editor:   C. W. Dugmore.</marc:subfield>
					</marc:datafield>
					<marc:datafield tag="650" ind1=" " ind2="0">
						<marc:subfield code="a">Church history</marc:subfield>
						<marc:subfield code="x">Periodicals.</marc:subfield>
					</marc:datafield>
					<marc:datafield tag="650" ind1=" " ind2="7">
						<marc:subfield code="a">Church history</marc:subfield>
						<marc:subfield code="2">fast</marc:subfield>
						<marc:subfield code="0">(OCoLC)fst00860740</marc:subfield>
					</marc:datafield>
					<marc:datafield tag="655" ind1=" " ind2="7">
						<marc:subfield code="a">Periodicals</marc:subfield>
						<marc:subfield code="2">fast</marc:subfield>
						<marc:subfield code="0">(OCoLC)fst01411641</marc:subfield>
					</marc:datafield>
					<marc:datafield tag="700" ind1="1" ind2=" ">
						<marc:subfield code="a">Dugmore, C. W.</marc:subfield>
						<marc:subfield code="q">(Clifford William),</marc:subfield>
						<marc:subfield code="e">ed.</marc:subfield>
					</marc:datafield>
					<marc:datafield tag="853" ind1="0" ind2="3">
						<marc:subfield code="8">1</marc:subfield>
						<marc:subfield code="a">v.</marc:subfield>
						<marc:subfield code="i">(year)</marc:subfield>
					</marc:datafield>
					<marc:datafield tag="863" ind1="4" ind2="0">
						<marc:subfield code="8">1</marc:subfield>
						<marc:subfield code="a">1-49</marc:subfield>
						<marc:subfield code="i">1950-1998</marc:subfield>
					</marc:datafield>
					<marc:datafield tag="902" ind1=" " ind2=" ">
						<marc:subfield code="a">pfnd</marc:subfield>
						<marc:subfield code="b">Lintz</marc:subfield>
					</marc:datafield>
					<marc:datafield tag="905" ind1=" " ind2=" ">
						<marc:subfield code="a">19890510120000.0</marc:subfield>
					</marc:datafield>
					<marc:datafield tag="948" ind1="2" ind2=" ">
						<marc:subfield code="a">20141106</marc:subfield>
						<marc:subfield code="b">m</marc:subfield>
						<marc:subfield code="d">batch</marc:subfield>
						<marc:subfield code="e">lts</marc:subfield>
						<marc:subfield code="x">addfast</marc:subfield>
					</marc:datafield>
					<marc:datafield tag="950" ind1=" " ind2=" ">
						<marc:subfield code="l">OLIN</marc:subfield>
						<marc:subfield code="a">BR140</marc:subfield>
						<marc:subfield code="b">.J86</marc:subfield>
						<marc:subfield code="h">01/01/01 N</marc:subfield>
					</marc:datafield>
					<marc:datafield tag="999" ind1="f" ind2="f">
						<marc:subfield code="s">32fbb4cf-b8e1-4b5e-a25a-c16763c832b3</marc:subfield>
						<marc:subfield code="i">087b84b3-fe04-4d41-bfa5-ac0d85980d62</marc:subfield>
						<marc:subfield code="t">0</marc:subfield>
					</marc:datafield>
					<marc:datafield tag="952" ind1="f" ind2="f">
						<marc:subfield code="a">autotest_institution_237.1618042300049664</marc:subfield>
						<marc:subfield code="b">autotest_campuse_512.6702652999716664</marc:subfield>
						<marc:subfield code="c">autotest_library_879.5307881507036664</marc:subfield>
						<marc:subfield code="d">autotest_name_408.8073748901938664</marc:subfield>
						<marc:subfield code="t">0</marc:subfield>
					</marc:datafield>
					<marc:datafield tag="952" ind1="f" ind2="f">
						<marc:subfield code="a">autotest_institution_239.65377549947846342</marc:subfield>
						<marc:subfield code="b">autotest_campuse_486.946712080209342</marc:subfield>
						<marc:subfield code="c">autotest_library_734.4245067218201342</marc:subfield>
						<marc:subfield code="d">autotest_name_720.8524781041265342</marc:subfield>
						<marc:subfield code="t">0</marc:subfield>
					</marc:datafield>
					<marc:datafield tag="952" ind1="f" ind2="f">
						<marc:subfield code="a">autotest_institution_302.8663532022613968</marc:subfield>
						<marc:subfield code="b">autotest_campuse_279.85437623226875968</marc:subfield>
						<marc:subfield code="c">autotest_library_178.48981634254457968</marc:subfield>
						<marc:subfield code="d">autotest_name_243.42657051128518968</marc:subfield>
						<marc:subfield code="t">0</marc:subfield>
					</marc:datafield>
					<marc:datafield tag="952" ind1="f" ind2="f">
						<marc:subfield code="a">autotest_institution_401.48202885620026662</marc:subfield>
						<marc:subfield code="b">autotest_campuse_245.24929017238125662</marc:subfield>
						<marc:subfield code="c">autotest_library_328.5774489048779662</marc:subfield>
						<marc:subfield code="d">autotest_name_549.1564132517528662</marc:subfield>
						<marc:subfield code="t">0</marc:subfield>
					</marc:datafield>
					<marc:datafield tag="952" ind1="f" ind2="f">
						<marc:subfield code="a">autotest_institution_664.7104638515162849</marc:subfield>
						<marc:subfield code="b">autotest_campuse_429.5939382052942849</marc:subfield>
						<marc:subfield code="c">autotest_library_394.64985300643934849</marc:subfield>
						<marc:subfield code="d">autotest_name_194.64767920872302849</marc:subfield>
						<marc:subfield code="t">0</marc:subfield>
					</marc:datafield>
					<marc:datafield tag="952" ind1="f" ind2="f">
						<marc:subfield code="a">autotest_institution_247.27024604558667926</marc:subfield>
						<marc:subfield code="b">autotest_campuse_812.478509340387926</marc:subfield>
						<marc:subfield code="c">autotest_library_196.8420117533808926</marc:subfield>
						<marc:subfield code="d">autotest_name_474.2081831419349926</marc:subfield>
						<marc:subfield code="t">0</marc:subfield>
					</marc:datafield>
					<marc:datafield tag="952" ind1="f" ind2="f">
						<marc:subfield code="a">autotest_institution_247.27024604558667926</marc:subfield>
						<marc:subfield code="b">autotest_campuse_812.478509340387926</marc:subfield>
						<marc:subfield code="c">autotest_library_196.8420117533808926</marc:subfield>
						<marc:subfield code="d">autotest_name_474.2081831419349926</marc:subfield>
						<marc:subfield code="t">0</marc:subfield>
					</marc:datafield>
					<marc:datafield tag="952" ind1="f" ind2="f">
						<marc:subfield code="a">autotest_institution_401.48202885620026662</marc:subfield>
						<marc:subfield code="b">autotest_campuse_245.24929017238125662</marc:subfield>
						<marc:subfield code="c">autotest_library_328.5774489048779662</marc:subfield>
						<marc:subfield code="d">autotest_name_549.1564132517528662</marc:subfield>
						<marc:subfield code="t">0</marc:subfield>
					</marc:datafield>
					<marc:datafield tag="952" ind1="f" ind2="f">
						<marc:subfield code="a">autotest_institution_532.4525000319558115</marc:subfield>
						<marc:subfield code="b">autotest_campuse_363.6177268558811115</marc:subfield>
						<marc:subfield code="c">autotest_library_210.0348549089013115</marc:subfield>
						<marc:subfield code="d">autotest_name_942.0356549062471115</marc:subfield>
						<marc:subfield code="t">0</marc:subfield>
					</marc:datafield>
					<marc:datafield tag="952" ind1="f" ind2="f">
						<marc:subfield code="a">autotest_institution_239.65377549947846342</marc:subfield>
						<marc:subfield code="b">autotest_campuse_486.946712080209342</marc:subfield>
						<marc:subfield code="c">autotest_library_734.4245067218201342</marc:subfield>
						<marc:subfield code="d">autotest_name_720.8524781041265342</marc:subfield>
						<marc:subfield code="t">0</marc:subfield>
					</marc:datafield>
				</marc:record>
			</metadata>
		</record>