
		<record>
			<header>
				<identifier>oai:special.folio.org:cs00000int_0004/00134060-1ae5-559b-8401-d0c92a15ff5d</identifier>
				<datestamp>2023-10-23T23:00:10Z</datestamp>
				<setSpec>all</setSpec>
			</header>
			<metadata>
				<marc:record>
					<marc:leader>00882nam a2200325   4500</marc:leader>
					<marc:controlfield tag="001">cenin00000951446</marc:controlfield>
					<marc:controlfield tag="005">20140605160104.0</marc:controlfield>
					<marc:controlfield tag="008">710311s1970    nyua          000 0 eng  </marc:controlfield>
					<marc:datafield tag="020" ind1=" " ind2=" ">
						<marc:subfield code="a">0668023325</marc:subfield>
					</marc:datafield>
					<marc:datafield tag="035" ind1=" " ind2=" ">
						<marc:subfield code="a">70117347</marc:subfield>
					</marc:datafield>
					<marc:datafield tag="035" ind1=" " ind2=" ">
						<marc:subfield code="a">.b1033516xMOBNE</marc:subfield>
					</marc:datafield>
					<marc:datafield tag="035" ind1=" " ind2=" ">
						<marc:subfield code="a">(OCLC DEDUP)124236</marc:subfield>
					</marc:datafield>
					<marc:datafield tag="040" ind1=" " ind2=" ">
						<marc:subfield code="d">WaOLN</marc:subfield>
						<marc:subfield code="d">UtOrBLW</marc:subfield>
					</marc:datafield>
					<marc:datafield tag="049" ind1=" " ind2=" ">
						<marc:subfield code="a">MU5</marc:subfield>
					</marc:datafield>
					<marc:datafield tag="050" ind1="0" ind2="0">
						<marc:subfield code="a">TL236</marc:subfield>
						<marc:subfield code="b">.P678</marc:subfield>
					</marc:datafield>
					<marc:datafield tag="082" ind1="0" ind2="0">
						<marc:subfield code="a">629.22/22</marc:subfield>
					</marc:datafield>
					<marc:datafield tag="092" ind1=" " ind2=" ">
						<marc:subfield code="a">629.22 P961</marc:subfield>
					</marc:datafield>
					<marc:datafield tag="100" ind1="1" ind2=" ">
						<marc:subfield code="a">Pritchard, Anthony.</marc:subfield>
					</marc:datafield>
					<marc:datafield tag="245" ind1="1" ind2="4">
						<marc:subfield code="a">The Ferrari V-12 sports cars, 1946-56.</marc:subfield>
					</marc:datafield>
					<marc:datafield tag="260" ind1=" " ind2=" ">
						<marc:subfield code="a">New York :</marc:subfield>
						<marc:subfield code="b">Arco Pub. Co.,</marc:subfield>
						<marc:subfield code="c">[1970]</marc:subfield>
					</marc:datafield>
					<marc:datafield tag="300" ind1=" " ind2=" ">
						<marc:subfield code="a">80 pages :</marc:subfield>
						<marc:subfield code="b">illustrations ;</marc:subfield>
						<marc:subfield code="c">15 x 22 cm.</marc:subfield>
					</marc:datafield>
					<marc:datafield tag="336" ind1=" " ind2=" ">
						<marc:subfield code="a">text</marc:subfield>
						<marc:subfield code="2">rdacontent</marc:subfield>
					</marc:datafield>
					<marc:datafield tag="337" ind1=" " ind2=" ">
						<marc:subfield code="a">unmediated</marc:subfield>
						<marc:subfield code="2">rdamedia</marc:subfield>
					</marc:datafield>
					<marc:datafield tag="338" ind1=" " ind2=" ">
						<marc:subfield code="a">volume</marc:subfield>
						<marc:subfield code="2">rdacarrier</marc:subfield>
					</marc:datafield>
					<marc:datafield tag="490" ind1="1" ind2=" ">
						<marc:subfield code="a">Arco famous car series</marc:subfield>
					</marc:datafield>
					<marc:datafield tag="650" ind1=" " ind2="0">
						<marc:subfield code="a">Ferrari automobile.</marc:subfield>
					</marc:datafield>
					<marc:datafield tag="830" ind1=" " ind2="0">
						<marc:subfield code="a">Arco famous car series.</marc:subfield>
					</marc:datafield>
					<marc:datafield tag="991" ind1=" " ind2=" ">
						<marc:subfield code="a">mob00719008</marc:subfield>
					</marc:datafield>
					<marc:datafield tag="997" ind1=" " ind2=" ">
						<marc:subfield code="a">.b1033516xMOBNE</marc:subfield>
					</marc:datafield>
					<marc:datafield tag="999" ind1="f" ind2="f">
						<marc:subfield code="i">00134060-1ae5-559b-8401-d0c92a15ff5d</marc:subfield>
						<marc:subfield code="s">de934d3a-9a3e-5460-950d-79ab4c333372</marc:subfield>
						<marc:subfield code="t">0</marc:subfield>
					</marc:datafield>
				</marc:record>
			</metadata>
		</record>
	</ListRecords>
</OAI-PMH>
